<record><leader>00000cas a2200000 a 4500</leader><controlfield tag="001">15057686</controlfield><controlfield tag="008">870112d19601988kyuwr ne      0    0eng d</controlfield><datafield ind1=" " ind2=" " tag="010"><subfield code="a">sn 87060007 </subfield></datafield><datafield ind1=" " ind2=" " tag="040"><subfield code="a">KNP</subfield><subfield code="b">eng</subfield><subfield code="c">KNP</subfield><subfield code="d">NSD</subfield><subfield code="d">KNP</subfield><subfield code="d">OCL</subfield><subfield code="d">OCLCQ</subfield><subfield code="d">KYUBL</subfield><subfield code="d">OCLCQ</subfield><subfield code="d">OCLCO</subfield></datafield><datafield ind1="1" ind2=" " tag="029"><subfield code="a">AU@</subfield><subfield code="b">000020458756</subfield></datafield><datafield ind1=" " ind2=" " tag="042"><subfield code="a">msc</subfield></datafield><datafield ind1=" " ind2=" " tag="043"><subfield code="a">n-us-ky</subfield></datafield><datafield ind1="0" ind2="4" tag="245"><subfield code="a">The Letcher County community press.</subfield></datafield><datafield ind1=" " ind2=" " tag="260"><subfield code="a">Cromona, Ky. :</subfield><subfield code="b">Superior Print. Co.,</subfield><subfield code="c">1960-1988.</subfield></datafield><datafield ind1=" " ind2=" " tag="300"><subfield code="a">v. :</subfield><subfield code="b">ill.</subfield></datafield><datafield ind1=" " ind2=" " tag="310"><subfield code="a">Weekly</subfield></datafield><datafield ind1="0" ind2=" " tag="362"><subfield code="a">Vol. 1, no. 1 (Nov. 14, 1960)-v. 29, no. 17 (Apr. 27, 1988).</subfield></datafield><datafield ind1=" " ind2="0" tag="651"><subfield code="a">Cromoma (Ky.)</subfield><subfield code="v">Newspapers.</subfield></datafield><datafield ind1=" " ind2="0" tag="651"><subfield code="a">Letcher County (Ky.)</subfield><subfield code="v">Newspapers.</subfield></datafield><datafield ind1=" " ind2=" " tag="752"><subfield code="a">United States</subfield><subfield code="b">Kentucky</subfield><subfield code="c">Letcher</subfield><subfield code="d">Cromona.</subfield></datafield><datafield ind1="0" ind2="0" tag="785"><subfield code="t">Letcher County community news-press</subfield><subfield code="x">0899-1820</subfield><subfield code="w">(DLC)sn 88061110</subfield><subfield code="w">(OCoLC)17946512</subfield></datafield></record>